<record><leader>02366cas a2200517 a 4500</leader><controlfield tag='005'>20130614005428.0</controlfield><controlfield tag='008'>111217d19892007nyuqr p       0   a0eng d</controlfield><controlfield tag='001'>991330600000541</controlfield><datafield ind1=' ' ind2=' ' tag='010'><subfield code='a'>89656538</subfield><subfield code='z'>sn 88008915</subfield></datafield><datafield ind1=' ' ind2=' ' tag='012'><subfield code='a'>33-7-0802200157-p-----011</subfield></datafield><datafield ind1='7' ind2=' ' tag='016'><subfield code='a'>9000937</subfield><subfield code='2'>DNLM</subfield></datafield><datafield ind1='7' ind2=' ' tag='016'><subfield code='a'>SR0064634</subfield><subfield code='2'>DNLM</subfield></datafield><datafield ind1='0' ind2=' ' tag='022'><subfield code='a'>0897-7186</subfield><subfield code='2'>1</subfield><subfield code='0'>(uri) http://worldcat.org/issn/0897-7186</subfield></datafield><datafield ind1=' ' ind2=' ' tag='030'><subfield code='a'>JHSPEH</subfield></datafield><datafield ind1=' ' ind2=' ' tag='035'><subfield code='a'>(OCoLC)ocm17604917</subfield><subfield code='0'>(uri) http://www.worldcat.org/oclc/17604917</subfield></datafield><datafield ind1=' ' ind2=' ' tag='035'><subfield code='a'>11362731</subfield></datafield><datafield ind1=' ' ind2=' ' tag='037'><subfield code='b'>The Haworth Press, Inc., 10 Alice St., Binghampton, NY 13904-1580</subfield></datafield><datafield ind1=' ' ind2=' ' tag='040'><subfield code='a'>NSDP</subfield><subfield code='c'>NSDP</subfield><subfield code='d'>DLC</subfield><subfield code='d'>DNLM</subfield><subfield code='d'>DLC</subfield><subfield code='d'>NIC</subfield><subfield code='d'>WaU</subfield><subfield code='d'>OUCA</subfield><subfield code='d'>NST</subfield><subfield code='d'>OUCA</subfield><subfield code='d'>DNLM</subfield><subfield code='d'>InU</subfield><subfield code='d'>EbpS</subfield><subfield code='d'>NST</subfield><subfield code='d'>PPBIO</subfield><subfield code='d'>DNLM</subfield><subfield code='d'>OCoLC</subfield><subfield code='d'>NSDP</subfield><subfield code='d'>OCoLC</subfield><subfield code='d'>PU</subfield></datafield><datafield ind1=' ' ind2=' ' tag='042'><subfield code='a'>nsdp</subfield><subfield code='a'>lc</subfield></datafield><datafield ind1='0' ind2='0' tag='050'><subfield code='a'>RA418</subfield><subfield code='b'>.J68</subfield></datafield><datafield ind1='0' ind2='0' tag='060'><subfield code='a'>W1</subfield><subfield code='b'>JO67BGC</subfield></datafield><datafield ind1='0' ind2=' ' tag='210'><subfield code='a'>J. health soc. policy</subfield></datafield><datafield ind1=' ' ind2='0' tag='222'><subfield code='a'>Journal of health &amp; social policy</subfield></datafield><datafield ind1='0' ind2='0' tag='245'><subfield code='a'>Journal of health &amp; social policy.</subfield></datafield><datafield ind1='3' ind2='0' tag='246'><subfield code='a'>Journal of health and social policy</subfield></datafield><datafield ind1='3' ind2='0' tag='246'><subfield code='a'>Health &amp; social policy</subfield></datafield><datafield ind1='3' ind2='0' tag='246'><subfield code='a'>Health and social policy</subfield></datafield><datafield ind1=' ' ind2=' ' tag='260'><subfield code='a'>[Binghamton, NY] :</subfield><subfield code='b'>Haworth Press,</subfield><subfield code='c'>1989-</subfield></datafield><datafield ind1=' ' ind2=' ' tag='300'><subfield code='a'>v. ;</subfield><subfield code='c'>22 cm.</subfield></datafield><datafield ind1=' ' ind2=' ' tag='310'><subfield code='a'>Quarterly</subfield></datafield><datafield ind1='0' ind2=' ' tag='362'><subfield code='a'>Vol. 1, no. 1-</subfield></datafield><datafield ind1='1' ind2=' ' tag='362'><subfield code='a'>Ceased with Vol. 22, no. 3/4 (2007).</subfield></datafield><datafield ind1=' ' ind2=' ' tag='500'><subfield code='a'>Title from cover.</subfield></datafield><datafield ind1=' ' ind2=' ' tag='500'><subfield code='a'>Final issue consulted.</subfield></datafield><datafield ind1=' ' ind2=' ' tag='530'><subfield code='a'>Also available via the World Wide Web.</subfield></datafield><datafield ind1=' ' ind2=' ' tag='590'><subfield code='a'>SERBIB/SERLOC merged record</subfield></datafield><datafield ind1=' ' ind2='0' tag='650'><subfield code='a'>Social medicine</subfield><subfield code='v'>Periodicals.</subfield></datafield><datafield ind1=' ' ind2='0' tag='650'><subfield code='a'>Medical policy</subfield><subfield code='v'>Periodicals.</subfield></datafield><datafield ind1=' ' ind2='2' tag='650'><subfield code='a'>Health Policy</subfield><subfield code='v'>Periodicals.</subfield></datafield><datafield ind1=' ' ind2='2' tag='650'><subfield code='a'>Public Policy</subfield><subfield code='v'>Periodicals.</subfield></datafield><datafield ind1='1' ind2=' ' tag='776'><subfield code='t'>Journal of health &amp; social policy (Online)</subfield><subfield code='x'>1540-4064</subfield><subfield code='w'>(DLC)  2002214299</subfield><subfield code='w'>(OCoLC)49981139</subfield></datafield><datafield ind1='0' ind2='0' tag='785'><subfield code='t'>Social work in public health</subfield><subfield code='x'>1937-1918</subfield><subfield code='w'>(DLC)  2007214998</subfield><subfield code='w'>(OCoLC)131141724</subfield></datafield><datafield ind1=' ' ind2=' ' tag='850'><subfield code='a'>DLC</subfield><subfield code='a'>DNLM</subfield><subfield code='a'>InU</subfield><subfield code='a'>MoSU</subfield><subfield code='a'>NIC</subfield><subfield code='a'>NN</subfield><subfield code='a'>NNC</subfield><subfield code='a'>PU-Med</subfield><subfield code='a'>ULA</subfield><subfield code='a'>WaU</subfield></datafield><datafield ind1='4' ind2=' ' tag='859'><subfield code='u'>http://firstsearch.oclc.org</subfield><subfield code='z'>Address for accessing the journal using authorization number and password through OCLC FirstSearch Electronic Collections Online. Subscription to online journal required for access to abstracts and full text</subfield></datafield><datafield ind1='4' ind2=' ' tag='859'><subfield code='u'>http://firstsearch.oclc.org/journal=0897-7186;screen=info;ECOIP</subfield><subfield code='z'>Address for accessing the journal from an authorized IP address through OCLC FirstSearch Electronic Collections Online. Subscription to online journal required for access to abstracts and full text</subfield></datafield><datafield ind1=' ' ind2=' ' tag='890'><subfield code='a'>Journal of; health and social policy.</subfield><subfield code='i'>89-656538</subfield></datafield><datafield ind1=' ' ind2=' ' tag='950'><subfield code='c'>2016-07-08 11:22:25 US/Eastern</subfield><subfield code='b'>2011-12-17 16:40:15 US/Eastern</subfield><subfield code='a'>false</subfield></datafield><datafield ind1='0' ind2=' ' tag='852'><subfield code='b'>BIO</subfield><subfield code='c'>medper</subfield><subfield code='h'>RA418</subfield><subfield code='i'>.J68</subfield><subfield code='8'>228343490000521</subfield></datafield><datafield ind1=' ' ind2=' ' tag='952'><subfield code='d'>2013-08-06 18:02:23</subfield><subfield code='8'>228343490000521</subfield><subfield code='a'>2013-06-13 21:55:01</subfield><subfield code='b'>Science Library</subfield><subfield code='e'>false</subfield></datafield></record>